@misc{musto2016quantum,
      title={Quantum Latin squares and unitary error bases}, 
      author={Benjamin Musto and Jamie Vicary},
      year={2016},
      eprint={1504.02715},
      archivePrefix={arXiv},
      primaryClass={quant-ph}
}

@article{Musto_2017,
	doi = {10.4204/eptcs.236.8},
  
	url = {https://doi.org/10.4204%2Feptcs.236.8},
  
	year = 2017,
	month = {jan},
  
	publisher = {Open Publishing Association},
  
	volume = {236},
  
	pages = {108--126},
  
	author = {Benjamin Musto},
  
	title = {Constructing Mutually Unbiased Bases from Quantum Latin Squares},
  
	journal = {Electronic Proceedings in Theoretical Computer Science}
}

@article{Musto_2019,
	doi = {10.4204/eptcs.287.15},
  
	url = {https://doi.org/10.4204%2Feptcs.287.15},
  
	year = 2019,
	month = {jan},
  
	publisher = {Open Publishing Association},
  
	volume = {287},
  
	pages = {253--266},
  
	author = {Benjamin Musto and Jamie Vicary},
  
	title = {Orthogonality for Quantum Latin Isometry Squares},
  
	journal = {Electronic Proceedings in Theoretical Computer Science}
}

@misc{musto2017characterizing,
      title={Characterizing maximal families of mutually unbiased bases}, 
      author={Benjamin Musto},
      year={2017},
      eprint={1710.07046},
      archivePrefix={arXiv},
      primaryClass={quant-ph}
}

@article{Musto_2018,
	doi = {10.1063/1.5020566},
  
	url = {https://doi.org/10.1063%2F1.5020566},
  
	year = 2018,
	month = {aug},
  
	publisher = {{AIP} Publishing},
  
	volume = {59},
  
	number = {8},
  
	pages = {081706},
  
	author = {Benjamin Musto and David Reutter and Dominic Verdon},
  
	title = {A compositional approach to quantum functions},
  
	journal = {Journal of Mathematical Physics}
}

@BOOK{Musto2019-vm,
  title  = "Quantum Latin Squares and Quantum Functions: Applications in
            Quantum Information",
  author = "Musto, B J",
  year   =  2019
}

@Online {QECC-QLS,
  title = {Error correcting codes and latin squares},
  date = {2021-04-23},
  year = {2021},
  file = {:./references/images-fullpdf-1517035466_J1016ijarse.pdf.html:html},
  url = {http://ijarse.com/images/fullpdf/1517035466_J1016ijarse.pdf}
}